@book{Hoddeson1993,
  author = {Lillian Hoddeson and Paul W. Henriksen and Roger A. Meade and Catherine L. Westfall},
  title = {Critical Assembly: A Technical History of Los Alamos During the Oppenheimer Years, 1943--1945},
  year = {1993},
  publisher = {Cambridge University Press},
  address = {New York},
  isbn = {0-521-44132-3},
  oclc = {26764320}
}

@book{Greenwood1997,
  author = {N. N. Greenwood and A. Earnshaw},
  title = {Chemistry of the Elements},
  year = {1997},
  edition = {2nd},
  publisher = {Butterworth-Heinemann},
  address = {Oxford (UK)},
  isbn = {0-7506-3365-4}
}
