@article{Leijnse_2012,
   title={Introduction to topological superconductivity and Majorana fermions},
   volume={27},
   ISSN={1361-6641},
   url={http://dx.doi.org/10.1088/0268-1242/27/12/124003},
   DOI={10.1088/0268-1242/27/12/124003},
   number={12},
   journal={Semiconductor Science and Technology},
   publisher={IOP Publishing},
   author={Leijnse, Martin and Flensberg, Karsten},
   year={2012},
   month=nov, pages={124003} }

@article{Nayak_2008,
   title={Non-Abelian anyons and topological quantum computation},
   volume={80},
   ISSN={1539-0756},
   url={http://dx.doi.org/10.1103/RevModPhys.80.1083},
   DOI={10.1103/revmodphys.80.1083},
   number={3},
   journal={Reviews of Modern Physics},
   publisher={American Physical Society (APS)},
   author={Nayak, Chetan and Simon, Steven H. and Stern, Ady and Freedman, Michael and Das Sarma, Sankar},
   year={2008},
   month=sep, pages={1083â€“1159} }
