@online{CCDArticle,
    title = {Charge-Coupled Device},
    author = {Robert Sheldon},
    year = {2021},
    url = {https://www.techtarget.com/searchstorage/definition/charge-coupled-device},
}

@book{sen2008,
  author = {Gourab Sen Gupta},
  title = {Smart Sensors and Sensing Technology},
  year = {2008},
  edition = {1st},
  publisher = {Springer}
}

@article{litwiller2001,
  author = {Litwiller, D.},
  title = {CCD vs CMOS: Facts and Fiction},
  year = {2001},
  journal = {},  
  note = {This entry may need more specific information about the journal and other details.}
}
